<record><leader>00000cas a22000007a 4500</leader><controlfield tag="001">22423974</controlfield><controlfield tag="008">900924d1uuu190uaruwr ne      0    0eng d</controlfield><datafield ind1=" " ind2=" " tag="010"><subfield code="a">sn 90050304 </subfield></datafield><datafield ind1=" " ind2=" " tag="040"><subfield code="a">ANU</subfield><subfield code="b">eng</subfield><subfield code="c">ANU</subfield><subfield code="d">OCLCQ</subfield><subfield code="d">OCLCF</subfield><subfield code="d">OCLCO</subfield></datafield><datafield ind1="1" ind2=" " tag="029"><subfield code="a">AU@</subfield><subfield code="b">000025904783</subfield></datafield><datafield ind1=" " ind2=" " tag="042"><subfield code="a">msc</subfield></datafield><datafield ind1=" " ind2=" " tag="043"><subfield code="a">n-us-ar</subfield></datafield><datafield ind1="0" ind2=" " tag="130"><subfield code="a">Times-picayune (Prescott, Ark.)</subfield></datafield><datafield ind1="1" ind2="4" tag="245"><subfield code="a">The Times-picayune.</subfield></datafield><datafield ind1=" " ind2=" " tag="260"><subfield code="a">Prescott, Ark. :</subfield><subfield code="b">Times-Picayune Co.</subfield></datafield><datafield ind1=" " ind2=" " tag="300"><subfield code="a">v.</subfield></datafield><datafield ind1=" " ind2=" " tag="310"><subfield code="a">Weekly</subfield></datafield><datafield ind1=" " ind2=" " tag="580"><subfield code="a">Formed by the union of: Weekly times (Prescott, Ark.) (non-extant), and: Nevada County picayune (Prescott, Ark. : 1885).</subfield></datafield><datafield ind1=" " ind2=" " tag="588"><subfield code="a">Description based on: 24th year, no. 35 (Nov. 15, 1900).</subfield></datafield><datafield ind1=" " ind2="0" tag="651"><subfield code="a">Prescott (Ark.)</subfield><subfield code="v">Newspapers.</subfield></datafield><datafield ind1=" " ind2="4" tag="651"><subfield code="a">Nevada County (Ark.)</subfield><subfield code="v">Newspapers.</subfield></datafield><datafield ind1=" " ind2="7" tag="655"><subfield code="a">Newspapers.</subfield><subfield code="2">fast</subfield><subfield code="0">(OCoLC)fst01423814</subfield></datafield><datafield ind1=" " ind2="7" tag="651"><subfield code="a">Arkansas</subfield><subfield code="z">Prescott.</subfield><subfield code="2">fast</subfield><subfield code="0">(OCoLC)fst01216727</subfield></datafield><datafield ind1=" " ind2=" " tag="752"><subfield code="a">United States</subfield><subfield code="b">Arkansas</subfield><subfield code="c">Nevada</subfield><subfield code="d">Prescott.</subfield></datafield><datafield ind1="1" ind2="4" tag="780"><subfield code="t">Weekly times (Prescott, Ark.)</subfield></datafield><datafield ind1="1" ind2="4" tag="780"><subfield code="t">Nevada County picayune (Prescott, Ark. : 1885)</subfield><subfield code="w">(DLC)sn 87091048</subfield></datafield><datafield ind1="0" ind2="0" tag="785"><subfield code="t">Nevada County picayune (Prescott, Ark. : 1906)</subfield><subfield code="w">(DLC)sn 90050306</subfield></datafield></record>